<record><leader>00000cas a22000001a 4500</leader><controlfield tag="001">10015776</controlfield><controlfield tag="007">hd afb017baca</controlfield><controlfield tag="007">hd bfb017baaa</controlfield><controlfield tag="008">831014d19031951nyuwr nea     0   a0eng c</controlfield><datafield ind1=" " ind2=" " tag="010"><subfield code="a">sn 94086129 </subfield></datafield><datafield ind1=" " ind2=" " tag="040"><subfield code="a">LAF</subfield><subfield code="b">eng</subfield><subfield code="c">LAF</subfield><subfield code="d">RQM</subfield><subfield code="d">CGU</subfield><subfield code="d">OCLCQ</subfield><subfield code="d">OCLCF</subfield><subfield code="d">OCLCO</subfield></datafield><datafield ind1=" " ind2=" " tag="012"><subfield code="i">8310</subfield></datafield><datafield ind1="1" ind2=" " tag="029"><subfield code="a">AU@</subfield><subfield code="b">000025855495</subfield></datafield><datafield ind1=" " ind2=" " tag="042"><subfield code="a">pcc</subfield></datafield><datafield ind1=" " ind2=" " tag="092"><subfield code="a">071</subfield><subfield code="b">G127</subfield></datafield><datafield ind1="0" ind2="4" tag="245"><subfield code="a">The Gaelic American</subfield><subfield code="h">[microform].</subfield></datafield><datafield ind1=" " ind2=" " tag="260"><subfield code="a">[New York :</subfield><subfield code="b">Gaelic American Pub. Co.,</subfield><subfield code="c">1903-1951]</subfield></datafield><datafield ind1=" " ind2=" " tag="300"><subfield code="a">48 v. :</subfield><subfield code="b">ill.</subfield></datafield><datafield ind1=" " ind2=" " tag="310"><subfield code="a">Weekly</subfield></datafield><datafield ind1="0" ind2=" " tag="362"><subfield code="a">Vol. 1, no. 1 (Sept. 19, 1903)-v. 48, no. 50 (Dec. 15, 1951).</subfield></datafield><datafield ind1=" " ind2=" " tag="588"><subfield code="a">Description based on: Vol. 8, no. 40, Oct. 7, 1911.</subfield></datafield><datafield ind1=" " ind2=" " tag="533"><subfield code="a">Microfilm.</subfield><subfield code="m">v.1-48 (1903-1951)</subfield><subfield code="b">New York :</subfield><subfield code="c">New York Public Library,</subfield><subfield code="d">[19--].</subfield><subfield code="e">23 microfilm reels ; 35 mm.</subfield></datafield><datafield ind1=" " ind2="0" tag="650"><subfield code="a">Irish American newspapers.</subfield></datafield><datafield ind1=" " ind2="7" tag="650"><subfield code="a">Irish American newspapers.</subfield><subfield code="2">fast</subfield><subfield code="0">(OCoLC)fst00979080</subfield></datafield><datafield ind1="1" ind2=" " tag="776"><subfield code="c">Original</subfield><subfield code="w">(DLC)sn 83045246</subfield></datafield><datafield ind1="0" ind2="7" tag="785"><subfield code="t">Irish World and American industrial liberator</subfield><subfield code="w">(OCoLC)16890936</subfield></datafield><datafield ind1="0" ind2="7" tag="785"><subfield code="t">Irish world and American industrial liberator and the Gaelic American</subfield><subfield code="w">(OCoLC)16881576</subfield></datafield><datafield ind1=" " ind2=" " tag="850"><subfield code="a">NN</subfield><subfield code="a">NN (master)</subfield></datafield></record>